<?xml version="1.0" encoding="UTF-8"?><collection xmlns="http://www.loc.gov/MARC21/slim"><record><leader>00593nam--2200205-u-4500</leader><controlfield tag="001">000052784</controlfield><controlfield tag="002">20161230</controlfield><controlfield tag="005">20161230201050</controlfield><controlfield tag="008">101014s1000------------r-----000-0-rus-d</controlfield><datafield ind1=" " ind2=" " tag="040"><subfield code="a">IFIN-HH</subfield></datafield><datafield ind1=" " ind2=" " tag="041"><subfield code="a">rus</subfield></datafield><datafield ind1=" " ind2=" " tag="080"><subfield code="a">535.1</subfield></datafield><datafield ind1="1" ind2=" " tag="100"><subfield code="a">Newton, Isaac</subfield></datafield><datafield ind1="1" ind2="0" tag="245"><subfield code="a">Lektii po optike</subfield><subfield code="b">Perevod kommentarii i redaktia akademika S. I. VAVILOVA</subfield><subfield code="c">Isaac newton</subfield></datafield><datafield ind1=" " ind2=" " tag="260"><subfield code="a">Moskva</subfield><subfield code="b">Izdatelstvo Akademii Nauk SSSR</subfield><subfield code="c">1946</subfield></datafield><datafield ind1=" " ind2=" " tag="300"><subfield code="a">205 p</subfield></datafield><datafield ind1=" " ind2=" " tag="490"><subfield code="a">Klassiki nauki</subfield></datafield><datafield ind1=" " ind2=" " tag="500"><subfield code="a">Titlul original in limba latina: Lectiones opticae</subfield></datafield><datafield ind1=" " ind2=" " tag="852"><subfield code="a">450</subfield><subfield code="c">535</subfield></datafield><datafield ind1=" " ind2=" " tag="CAT"><subfield code="a">Sys</subfield><subfield code="c">20101014</subfield><subfield code="h">132215</subfield></datafield></record></collection>